% CRF
@article{krahenbuhl2011efficient,
  title={Efficient inference in fully connected crfs with gaussian edge potentials},
  author={Kr{\"a}henb{\"u}hl, Philipp and Koltun, Vladlen},
  journal={Advances in neural information processing systems},
  volume={24},
  year={2011}
}

@inproceedings{oquab2015object,
  title={Is object localization for free?-weakly-supervised learning with convolutional neural networks},
  author={Oquab, Maxime and Bottou, L{\'e}on and Laptev, Ivan and Sivic, Josef},
  booktitle={Proceedings of the IEEE conference on computer vision and pattern recognition},
  pages={685--694},
  year={2015}
}

% saliency map
@article{simonyan2013deep,
  title={Deep inside convolutional networks: Visualising image classification models and saliency maps},
  author={Simonyan, Karen and Vedaldi, Andrea and Zisserman, Andrew},
  journal={arXiv preprint arXiv:1312.6034},
  year={2013}
}

% CAM
@inproceedings{zhou2016learning,
  title={Learning deep features for discriminative localization},
  author={Zhou, Bolei and Khosla, Aditya and Lapedriza, Agata and Oliva, Aude and Torralba, Antonio},
  booktitle={Proceedings of the IEEE conference on computer vision and pattern recognition},
  pages={2921--2929},
  year={2016}
}

% GAP
@article{lin2013network,
  title={Network in network},
  author={Lin, Min and Chen, Qiang and Yan, Shuicheng},
  journal={arXiv preprint arXiv:1312.4400},
  year={2013}
}

% STC
@article{wei2016stc,
  title={Stc: A simple to complex framework for weakly-supervised semantic segmentation},
  author={Wei, Yunchao and Liang, Xiaodan and Chen, Yunpeng and Shen, Xiaohui and Cheng, Ming-Ming and Feng, Jiashi and Zhao, Yao and Yan, Shuicheng},
  journal={IEEE transactions on pattern analysis and machine intelligence},
  volume={39},
  number={11},
  pages={2314--2320},
  year={2016},
  publisher={IEEE}
}

% SEC
@inproceedings{kolesnikov2016seed,
  title={Seed, expand and constrain: Three principles for weakly-supervised image segmentation},
  author={Kolesnikov, Alexander and Lampert, Christoph H},
  booktitle={Computer Vision--ECCV 2016: 14th European Conference, Amsterdam, The Netherlands, October 11--14, 2016, Proceedings, Part IV 14},
  pages={695--711},
  year={2016},
  organization={Springer}
}

% AE-PSL
@inproceedings{wei2017object,
  title={Object region mining with adversarial erasing: A simple classification to semantic segmentation approach},
  author={Wei, Yunchao and Feng, Jiashi and Liang, Xiaodan and Cheng, Ming-Ming and Zhao, Yao and Yan, Shuicheng},
  booktitle={Proceedings of the IEEE conference on computer vision and pattern recognition},
  pages={1568--1576},
  year={2017}
}

% AffinityNet
@inproceedings{ahn2018learning,
  title={Learning pixel-level semantic affinity with image-level supervision for weakly supervised semantic segmentation},
  author={Ahn, Jiwoon and Kwak, Suha},
  booktitle={Proceedings of the IEEE conference on computer vision and pattern recognition},
  pages={4981--4990},
  year={2018}
}

% SoCo
@article{yang2024separate,
  title={Separate and Conquer: Decoupling Co-occurrence via Decomposition and Representation for Weakly Supervised Semantic Segmentation},
  author={Yang, Zhiwei and Fu, Kexue and Duan, Minghong and Qu, Linhao and Wang, Shuo and Song, Zhijian},
  journal={arXiv preprint arXiv:2402.18467},
  year={2024}
}
% CVPR'24


% 1Point
@inproceedings{bearman2016s,
  title={What’s the point: Semantic segmentation with point supervision},
  author={Bearman, Amy and Russakovsky, Olga and Ferrari, Vittorio and Fei-Fei, Li},
  booktitle={European conference on computer vision},
  pages={549--565},
  year={2016},
  organization={Springer}
}

% PDML
@inproceedings{qian2019weakly,
  title={Weakly supervised scene parsing with point-based distance metric learning},
  author={Qian, Rui and Wei, Yunchao and Shi, Honghui and Li, Jiachen and Liu, Jiaying and Huang, Thomas},
  booktitle={Proceedings of the AAAI Conference on Artificial Intelligence},
  volume={33},
  number={01},
  pages={8843--8850},
  year={2019}
}


% ScribbleSup
@inproceedings{lin2016scribblesup,
  title={Scribblesup: Scribble-supervised convolutional networks for semantic segmentation},
  author={Lin, Di and Dai, Jifeng and Jia, Jiaya and He, Kaiming and Sun, Jian},
  booktitle={Proceedings of the IEEE conference on computer vision and pattern recognition},
  pages={3159--3167},
  year={2016}
}

% BPG
@inproceedings{wang2019boundary,
  title={Boundary perception guidance: A scribble-supervised semantic segmentation approach},
  author={Wang, Bin and Qi, Guojun and Tang, Sheng and Zhang, Tianzhu and Wei, Yunchao and Li, Linghui and Zhang, Yongdong},
  booktitle={IJCAI International joint conference on artificial intelligence},
  year={2019}
}

% PSI
@inproceedings{xu2021scribble,
  title={Scribble-supervised semantic segmentation inference},
  author={Xu, Jingshan and Zhou, Chuanwei and Cui, Zhen and Xu, Chunyan and Huang, Yuge and Shen, Pengcheng and Li, Shaoxin and Yang, Jian},
  booktitle={Proceedings of the IEEE/CVF International Conference on Computer Vision},
  pages={15354--15363},
  year={2021}
}

% SPML
@article{ke2021universal,
  title={Universal weakly supervised segmentation by pixel-to-segment contrastive learning},
  author={Ke, Tsung-Wei and Hwang, Jyh-Jing and Yu, Stella X},
  journal={arXiv preprint arXiv:2105.00957},
  year={2021}
}

% A2GNN
@article{zhang2021affinity,
  title={Affinity attention graph neural network for weakly supervised semantic segmentation},
  author={Zhang, Bingfeng and Xiao, Jimin and Jiao, Jianbo and Wei, Yunchao and Zhao, Yao},
  journal={IEEE Transactions on Pattern Analysis and Machine Intelligence},
  volume={44},
  number={11},
  pages={8082--8096},
  year={2021},
  publisher={IEEE}
}

% URSS
@inproceedings{pan2021scribble,
  title={Scribble-supervised semantic segmentation by uncertainty reduction on neural representation and self-supervision on neural eigenspace},
  author={Pan, Zhiyi and Jiang, Peng and Wang, Yunhai and Tu, Changhe and Cohn, Anthony G},
  booktitle={Proceedings of the IEEE/CVF International Conference on Computer Vision},
  pages={7416--7425},
  year={2021}
}

% Seminar
@inproceedings{chen2021seminar,
  title={Seminar learning for click-level weakly supervised semantic segmentation},
  author={Chen, Hongjun and Wang, Jinbao and Chen, Hong Cai and Zhen, Xiantong and Zheng, Feng and Ji, Rongrong and Shao, Ling},
  booktitle={Proceedings of the IEEE/CVF International Conference on Computer Vision},
  pages={6920--6929},
  year={2021}
}

% TEL
@inproceedings{liang2022tree,
  title={Tree energy loss: Towards sparsely annotated semantic segmentation},
  author={Liang, Zhiyuan and Wang, Tiancai and Zhang, Xiangyu and Sun, Jian and Shen, Jianbing},
  booktitle={Proceedings of the IEEE/CVF Conference on Computer Vision and Pattern Recognition},
  pages={16907--16916},
  year={2022}
}

% EIL
@inproceedings{zhou2023exploratory,
  title={Exploratory inference learning for scribble supervised semantic segmentation},
  author={Zhou, Chuanwei and Cui, Zhen and Xu, Chunyan and Han, Cao and Yang, Jian},
  booktitle={Proceedings of the AAAI Conference on Artificial Intelligence},
  volume={37},
  number={3},
  pages={3760--3768},
  year={2023}
}

% PBI
@inproceedings{zhou2023progressive,
  title={Progressive Bayesian inference for scribble-supervised semantic segmentation},
  author={Zhou, Chuanwei and Xu, Chunyan and Cui, Zhen},
  booktitle={Proceedings of the AAAI Conference on Artificial Intelligence},
  volume={37},
  number={3},
  pages={3751--3759},
  year={2023}
}

% AGMM
@inproceedings{wu2023sparsely,
  title={Sparsely Annotated Semantic Segmentation With Adaptive Gaussian Mixtures},
  author={Wu, Linshan and Zhong, Zhun and Fang, Leyuan and He, Xingxin and Liu, Qiang and Ma, Jiayi and Chen, Hao},
  booktitle={Proceedings of the IEEE/CVF Conference on Computer Vision and Pattern Recognition},
  pages={15454--15464},
  year={2023}
}

% SHC
@article{zhang2024scribble,
  title={Scribble Hides Class: Promoting Scribble-Based Weakly-Supervised Semantic Segmentation with Its Class Label},
  author={Zhang, Xinliang and Zhu, Lei and He, Hangzhou and Jin, Lujia and Lu, Yanye},
  journal={arXiv preprint arXiv:2402.17555},
  year={2024}
}



@article{sawant2021band,
  title={Band selection strategies for hyperspectral image classification based on machine learning and artificial intelligent techniques--Survey},
  author={Sawant, Shrutika S and Manoharan, Prabukumar and Loganathan, Agilandeeswari},
  journal={Arabian Journal of Geosciences},
  volume={14},
  pages={1--10},
  year={2021},
  publisher={Springer}
}

@inproceedings{su2018survey,
  title={A survey for study of feature selection based on mutual information},
  author={Su, Xiangchenyang and Liu, Fang},
  booktitle={2018 9th workshop on hyperspectral image and signal processing: evolution in remote sensing (WHISPERS)},
  pages={1--4},
  year={2018},
  organization={IEEE}
}

@article{patro2021review,
  title={A review of unsupervised band selection techniques: Land cover classification for hyperspectral earth observation data},
  author={Patro, Ram Narayan and Subudhi, Subhashree and Biswal, Pradyut Kumar and Dell’acqua, Fabio},
  journal={IEEE Geoscience and Remote Sensing Magazine},
  volume={9},
  number={3},
  pages={72--111},
  year={2021},
  publisher={IEEE}
}

@article{sun2019hyperspectral,
  title={Hyperspectral band selection: A review},
  author={Sun, Weiwei and Du, Qian},
  journal={IEEE Geoscience and Remote Sensing Magazine},
  volume={7},
  number={2},
  pages={118--139},
  year={2019},
  publisher={IEEE}
}

@article{bellman1966dynamic,
  title={Dynamic programming},
  author={Bellman, Richard},
  journal={Science},
  volume={153},
  number={3731},
  pages={34--37},
  year={1966},
  publisher={American Association for the Advancement of Science}
}

@article{sawant2020survey,
  title={A survey of band selection techniques for hyperspectral image classification},
  author={Sawant, Shrutika S and Prabukumar, Manoharan},
  journal={Journal of Spectral Imaging},
  volume={9},
  year={2020},
  publisher={IM Publications Open}
}

@article{feng2021dual,
  title={Dual-graph convolutional network based on band attention and sparse constraint for hyperspectral band selection},
  author={Feng, Jie and Ye, Zhanwei and Liu, Shuai and Zhang, Xiangrong and Chen, Jiantong and Shang, Ronghua and Jiao, Licheng},
  journal={Knowledge-Based Systems},
  volume={231},
  pages={107428},
  year={2021},
  publisher={Elsevier}
}

@article{kipf2016semi,
  title={Semi-supervised classification with graph convolutional networks},
  author={Kipf, Thomas N and Welling, Max},
  journal={arXiv preprint arXiv:1609.02907},
  year={2016}
}

@article{feng2020convolutional,
  title={Convolutional neural network based on bandwise-independent convolution and hard thresholding for hyperspectral band selection},
  author={Feng, Jie and Chen, Jiantong and Sun, Qigong and Shang, Ronghua and Cao, Xianghai and Zhang, Xiangrong and Jiao, Licheng},
  journal={IEEE Transactions on Cybernetics},
  volume={51},
  number={9},
  pages={4414--4428},
  year={2020},
  publisher={IEEE}
}

@article{cai2019bs,
  title={BS-Nets: An end-to-end framework for band selection of hyperspectral image},
  author={Cai, Yaoming and Liu, Xiaobo and Cai, Zhihua},
  journal={IEEE Transactions on Geoscience and Remote Sensing},
  volume={58},
  number={3},
  pages={1969--1984},
  year={2019},
  publisher={IEEE}
}

@article{cao2019semi,
  title={Semi-supervised hyperspectral band selection based on dynamic classifier selection},
  author={Cao, Xianghai and Wei, Cuicui and Ge, Yiming and Feng, Jie and Zhao, Jing and Jiao, Licheng},
  journal={IEEE Journal of Selected Topics in Applied Earth Observations and Remote Sensing},
  volume={12},
  number={4},
  pages={1289--1298},
  year={2019},
  publisher={IEEE}
}

@inproceedings{liu2019end,
  title={End-to-end multi-task learning with attention},
  author={Liu, Shikun and Johns, Edward and Davison, Andrew J},
  booktitle={Proceedings of the IEEE/CVF conference on computer vision and pattern recognition},
  pages={1871--1880},
  year={2019}
}

@inproceedings{kendall2018multi,
  title={Multi-task learning using uncertainty to weigh losses for scene geometry and semantics},
  author={Kendall, Alex and Gal, Yarin and Cipolla, Roberto},
  booktitle={Proceedings of the IEEE conference on computer vision and pattern recognition},
  pages={7482--7491},
  year={2018}
}


@article{ChangHTD19,
author = {Yuan{-}Hao Chang and Jingtong Hu and Mehdi Baradaran Tahoori and Ronald F. DeMara},
title = {Guest Editorial: {IEEE} Transactions on Computers Special Section on Emerging Non-Volatile Memory Technologies: From Devices to Architectures and Systems},
journal = {{IEEE} Trans. Computers},
volume = {68},
number = {8},
pages = {1111--1113},
year = {2019}
}
@article{WangZSS21,
author = {王鹏 and 张修社 and 索龙 and 史可懿},
title = {基于随机时变图的时间确定性网络路由算法},
journal = {通信学报},
volume = {42},
number = {9},
pages = {21--30},
year = {2021}
}
@article{GongL21,
author = {Ming{-}Yan Gong and Bin Lyu},
title = {Alternating Maximization and the {EM} Algorithm in Maximum-Likelihood Direction Finding},
journal = {{IEEE} Trans. Veh. Technol.},
year = {2021},
doi = {10.1109/TVT.2021.3106794}
}
@inproceedings{TsaiCLQLB13,
author = {Wei{-}Tek Tsai and Charles J. Colbourn and Jie Luo and Guanqiu Qi and Qingyang Li and Xiaoying Bai},
title = {Test algebra for combinatorial testing},
booktitle = {{AST}},
pages = {19--25},
publisher = {{IEEE} Computer Society},
year = {2013}
}
@online{Collinson21,
author = {Stephen Collinson},
title = {Biden's refusal of executive privilege claim ignites new firestorm with {Trump}},
url = {https://edition.cnn.com/2021/10/26/politics/donald-trump-joe-biden-executive-privilege-january-6/index.html},
urldate = {2021-10-26}
}
